@book{goldreichcomplexity,
  title={Computational complexity: a conceptual perspective},
  author={Goldreich, Oded},
  year={2008},
  publisher={Cambridge University Press},
  url={http://www.wisdom.weizmann.ac.il/~oded/cc-book.html}
}

@article{stateseparating,
  title={State-Separating Proofs: A Reduction Methodology for Real-World Protocols.},
  author={Brzuska, Chris and Delignat-Lavaud, Antoine and Kohbrok, Konrad and Kohlweiss, Markulf},
  journal={IACR Cryptology ePrint Archive},
  volume={2018},
  pages={306},
  year={2018}
}


